@ARTICLE{monaghan92,
       author = {{Monaghan}, J.~J.},
        title = "{Smoothed particle hydrodynamics.}",
      journal = {\araa},
     keywords = {Computational Fluid Dynamics, Finite Difference Theory, Hydrodynamics, Kernel Functions, Particle Energy, Particle Mass, Angular Momentum, Partial Differential Equations, Particle In Cell Technique, Pressure Gradients, Astrophysics},
         year = 1992,
        month = jan,
       volume = {30},
        pages = {543-574},
          doi = {10.1146/annurev.aa.30.090192.002551},
       adsurl = {https://ui.adsabs.harvard.edu/abs/1992ARA&A..30..543M},
      adsnote = {Provided by the SAO/NASA Astrophysics Data System}
}


