@ARTICLE{monaghan05,
       author = {{Monaghan}, J.~J.},
        title = "{Smoothed particle hydrodynamics}",
      journal = {Reports on Progress in Physics},
         year = 2005,
        month = aug,
       volume = {68},
       number = {8},
        pages = {1703-1759},
          doi = {10.1088/0034-4885/68/8/R01},
       adsurl = {https://ui.adsabs.harvard.edu/abs/2005RPPh...68.1703M},
      adsnote = {Provided by the SAO/NASA Astrophysics Data System}
}

@ARTICLE{monaghan92,
       author = {{Monaghan}, J.~J.},
        title = "{Smoothed particle hydrodynamics.}",
      journal = {\araa},
     keywords = {Computational Fluid Dynamics, Finite Difference Theory, Hydrodynamics, Kernel Functions, Particle Energy, Particle Mass, Angular Momentum, Partial Differential Equations, Particle In Cell Technique, Pressure Gradients, Astrophysics},
         year = 1992,
        month = jan,
       volume = {30},
        pages = {543-574},
          doi = {10.1146/annurev.aa.30.090192.002551},
       adsurl = {https://ui.adsabs.harvard.edu/abs/1992ARA&A..30..543M},
      adsnote = {Provided by the SAO/NASA Astrophysics Data System}
}

@ARTICLE{PM07,
       author = {{Price}, D.~J. and {Monaghan}, J.~J.},
        title = "{An energy-conserving formalism for adaptive gravitational force softening in smoothed particle hydrodynamics and N-body codes}",
      journal = {\mnras},
     keywords = {gravitation, hydrodynamics, methods: N-body simulations, methods: numerical, Astrophysics},
         year = 2007,
        month = feb,
       volume = {374},
       number = {4},
        pages = {1347-1358},
          doi = {10.1111/j.1365-2966.2006.11241.x},
archivePrefix = {arXiv},
       eprint = {astro-ph/0610872},
 primaryClass = {astro-ph},
       adsurl = {https://ui.adsabs.harvard.edu/abs/2007MNRAS.374.1347P},
      adsnote = {Provided by the SAO/NASA Astrophysics Data System}
}

@ARTICLE{phantom,
       author = {{Price}, Daniel J. and {Wurster}, James and {Tricco}, Terrence S. and {Nixon}, Chris and {Toupin}, St{\'e}ven and {Pettitt}, Alex and {Chan}, Conrad and {Mentiplay}, Daniel and {Laibe}, Guillaume and {Glover}, Simon and {Dobbs}, Clare and {Nealon}, Rebecca and {Liptai}, David and {Worpel}, Hauke and {Bonnerot}, Cl{\'e}ment and {Dipierro}, Giovanni and {Ballabio}, Giulia and {Ragusa}, Enrico and {Federrath}, Christoph and {Iaconi}, Roberto and {Reichardt}, Thomas and {Forgan}, Duncan and {Hutchison}, Mark and {Constantino}, Thomas and {Ayliffe}, Ben and {Hirsh}, Kieran and {Lodato}, Giuseppe},
        title = "{Phantom: A Smoothed Particle Hydrodynamics and Magnetohydrodynamics Code for Astrophysics}",
      journal = {\pasa},
     keywords = {accretion, accretion disks, hydrodynamics, ISM: general, magnetohydrodynamics (MHD), methods: numerical, Astrophysics - Instrumentation and Methods for Astrophysics, Astrophysics - Earth and Planetary Astrophysics, Astrophysics - Astrophysics of Galaxies, Astrophysics - High Energy Astrophysical Phenomena, Astrophysics - Solar and Stellar Astrophysics},
         year = 2018,
        month = sep,
       volume = {35},
          eid = {e031},
        pages = {e031},
          doi = {10.1017/pasa.2018.25},
archivePrefix = {arXiv},
       eprint = {1702.03930},
 primaryClass = {astro-ph.IM},
       adsurl = {https://ui.adsabs.harvard.edu/abs/2018PASA...35...31P},
      adsnote = {Provided by the SAO/NASA Astrophysics Data System}
}

@ARTICLE{dwarf,
       author = {{Pasetto}, S. and {Grebel}, E.~K. and {Berczik}, P. and {Spurzem}, R. and {Dehnen}, W.},
        title = "{Isolated dwarf galaxies: from cuspy to flat dark matter density profiles and metalicity gradients}",
      journal = {\aap},
     keywords = {galaxies: dwarf, galaxies: formation, galaxies: evolution, galaxies: kinematics and dynamics, galaxies: abundances, Astrophysics - Cosmology and Nongalactic Astrophysics},
         year = 2010,
        month = may,
       volume = {514},
          eid = {A47},
        pages = {A47},
          doi = {10.1051/0004-6361/200913240},
archivePrefix = {arXiv},
       eprint = {1002.1085},
 primaryClass = {astro-ph.CO},
       adsurl = {https://ui.adsabs.harvard.edu/abs/2010A&A...514A..47P},
      adsnote = {Provided by the SAO/NASA Astrophysics Data System}
}

@ARTICLE{NFW,
       author = {{Navarro}, Julio F. and {Frenk}, Carlos S. and {White}, Simon D.~M.},
        title = "{A Universal Density Profile from Hierarchical Clustering}",
      journal = {\apj},
     keywords = {Cosmology: Theory, Cosmology: Dark Matter, Galaxies: Halos, Methods: Numerical, Astrophysics},
         year = 1997,
        month = dec,
       volume = {490},
       number = {2},
        pages = {493-508},
          doi = {10.1086/304888},
archivePrefix = {arXiv},
       eprint = {astro-ph/9611107},
 primaryClass = {astro-ph},
       adsurl = {https://ui.adsabs.harvard.edu/abs/1997ApJ...490..493N},
      adsnote = {Provided by the SAO/NASA Astrophysics Data System}
}

@ARTICLE{price12,
       author = {{Price}, Daniel J.},
        title = "{Smoothed particle hydrodynamics and magnetohydrodynamics}",
      journal = {Journal of Computational Physics},
     keywords = {Astrophysics - Instrumentation and Methods for Astrophysics, Astrophysics - Cosmology and Extragalactic Astrophysics, Astrophysics - Solar and Stellar Astrophysics, Physics - Fluid Dynamics, Physics - Plasma Physics},
         year = 2012,
        month = feb,
       volume = {231},
       number = {3},
        pages = {759-794},
          doi = {10.1016/j.jcp.2010.12.011},
archivePrefix = {arXiv},
       eprint = {1012.1885},
 primaryClass = {astro-ph.IM},
       adsurl = {https://ui.adsabs.harvard.edu/abs/2012JCoPh.231..759P},
      adsnote = {Provided by the SAO/NASA Astrophysics Data System}
}

@ARTICLE{gadget,
       author = {{Springel}, Volker and {Yoshida}, Naoki and {White}, Simon D.~M.},
        title = "{GADGET: a code for collisionless and gasdynamical cosmological simulations}",
      journal = {\na},
     keywords = {Astrophysics},
         year = 2001,
        month = apr,
       volume = {6},
       number = {2},
        pages = {79-117},
          doi = {10.1016/S1384-1076(01)00042-2},
archivePrefix = {arXiv},
       eprint = {astro-ph/0003162},
 primaryClass = {astro-ph},
       adsurl = {https://ui.adsabs.harvard.edu/abs/2001NewA....6...79S},
      adsnote = {Provided by the SAO/NASA Astrophysics Data System}
}


